@misc{triks,
title = {Cauchy-Riemann in polar coordinates.},
howpublished = "\url{http://users.math.msu.edu/users/shapiro/teaching/classes/425/crpolar.pdf}",
year = "Read: 30.01.17"
}
